3858 5048
440 477 523 590 plet
550 463 837 586 augustissime.
870 469 1076 560 Nimirum
1092 500 1242 564 certam
1267 477 1372 568 bane
1391 483 1498 566 viam
1520 481 1573 568 ad
1600 477 1677 562 ιἰιι-Ι

443 585 730 674 mortalitatem
744 590 917 668 nominis
938 591 1103 692 inivisti,
1123 620 1242 706 quam
1259 593 1344 680 Leo
1362 603 1411 682 X.
1423 600 1676 692 Pontion,

442 700 618 788 Cosmus
635 704 708 797 Μ,
728 700 993 804 Laurentius,
1007 715 1210 824 ceterique
1223 713 1398 813 Maiores
1408 716 1480 797 tui
1494 714 1674 798 constan·

440 817 581 914 tiffime
601 817 853 915 institerint,
881 818 982 911 adeo
999 846 1043 905 ut
1070 823 1325 912 serenissime
1353 827 1508 911 Dotmri
1530 853 1606 910 tua
1634 829 1677 905 in

442 941 585 1047 primis
604 931 774 1020 debeant
799 931 941 1020 Italica
965 939 1149 1051 ingenia,
1170 941 1280 1052 quod
1299 939 1430 1028 sordes
1454 942 1674 1025 inundante

440 1052 540 1134 olim
557 1046 740 1133 barbaria
760 1049 989 1136 contractas
1006 1051 1201 1142 euertat.
1230 1057 1348 1142 Enim
1367 1085 1464 1142 vero
1481 1057 1575 1168 quid
1590 1082 1674 1137 ma·

441 1171 504 1280 gis
532 1168 755 1260 decorum,
777 1167 817 1246 &
835 1159 1144 1254 consentaneum
1163 1167 1338 1286 politicae
1363 1177 1549 1273 caritati,
1571 1172 1679 1283 opti-

441 1277 563 1396 misqi
582 1275 808 1368 ultoribus
823 1281 1029 1391 genium,
1047 1312 1166 1393 quarn
1183 1285 1291 1368 alere
1305 1283 1569 1384 boriaeartca,
1589 1287 1678 1397 qni-

446 1397 522 1483 bus
538 1395 803 1482 frutectorum
819 1399 945 1482 anmi
970 1401 1010 1478 in
1030 1395 1336 1512 praestantissima
1360 1397 1537 1512 ipsorum
1555 1395 1679 1481 facul·

449 1538 556 1614 tate‚
577 1539 721 1621 nempe
739 1507 1026 1622 intelligentia,
1047 1507 1144 1598 fiunt
1165 1514 1442 1626 pulchriores?
1467 1517 1677 1623 Qantum

448 1658 543 1712 uero
571 1632 611 1732 in
634 1625 711 1706 hac.
737 1623 851 1708 laude
878 1624 1082 1726 excellas,
1113 1634 1319 1716 Mecoenas
1343 1629 1679 1726 serenissima),

445 1742 590 1826 docent
606 1743 773 1852 Europae
790 1744 946 1849 ingenia
975 1741 1256 1844 excultilsnna‚
1284 1773 1373 1856 quae
1397 1751 1584 1828 certatim
1608 1737 1679 1825 sua

449 1854 623 1970 ipsorum
660 1883 781 1964 opera
809 1854 941 1940 ditant
969 1854 1079 1954 tibi,
1112 1863 1220 1970 quod
1251 1853 1400 1945 scilicet
1429 1858 1679 1970 intelligant,

450 1971 544 2057 hinc
563 1973 654 2054 duci
676 1963 850 2078 auspicia
880 1967 1002 2053 Musa
1032 1968 1276 2062 felicissima.
1307 1981 1463 2060 Horum
1481 1999 1589 2056 certe
1617 1967 1678 2052 sa-

451 2091 646 2197 pientiam
663 2085 764 2168 mihi
783 2114 863 2167 non
878 2111 1023 2197 arrogo
1038 2117 1052 2179 3
1078 2089 1182 2172 hanc
1206 2117 1344 2173 tamen
1362 2087 1679 2172 venerabundam

449 2201 636 2286 fiduciam
660 2203 844 2282 imitatus.
867 2195 1041 2282 frontem
1065 2200 1181 2306 hujus
1206 2203 1334 2288 libelli
1350 2229 1435 2287 tam
1452 2202 1590 2316 grandi
1609 2230 1683 2281 rto·

446 2323 554 2402 mine
569 2315 751 2428 infiguire
767 2307 884 2396 ausus
899 2305 1006 2411 sum,
1032 2313 1155 2429 tibiq3
1183 2317 1270 2402 haee
1287 2320 1436 2403 vetusta
1459 2323 1681 2402 monimen·

448 2459 491 2521 ιι
518 2427 677 2542 supplex
703 2423 869 2527 oll'errc,
894 2455 1028 2512 certus
1050 2438 1205 2546 exiguis
1237 2433 1468 2518 muneribus
1488 2461 1569 2515 non
1589 2428 1683 2512 laedi
1770 2452 1773 2468 ⁴

449 2549 695 2644 majestatem
715 2547 956 2650 Principum,
973 2545 1116 2651 quibus
1137 2555 1272 2659 potius
1286 2543 1519 2662 obsequium
1538 2549 1682 2638 animi,¹

448 2687 569 2770 quam
588 2659 762 2766 pretium
778 2659 838 2736 rei
859 2649 1078 2763 spestattrm
1094 2661 1176 2745 est.
1207 2667 1418 2770 Reliquum
1439 2667 1560 2774 igitur
1579 2663 1687 2754 erit,

451 2797 495 2856 ut
522 2779 590 2882 qui
615 2771 724 2850 novis
745 2766 887 2852 indies
915 2774 1259 2878 magnanimitatis
1279 2773 1509 2854 nominibus
1533 2799 1596 2851 me
1618 2771 1689 2850 de·

451 2892 599 2972 vincire
620 2911 702 2974 uon
723 2881 972 2996 dedignaris,
997 2883 1240 2998 huic‘quoq3
1269 2881 1461 3001 opusculo
1485 2877 1688 2968 excetmn

446 3008 716 3116 patrocinium
731 3021 845 3084 tuum
860 2997 1043 3110 largiare,
1057 2999 1352 3116 concedasque,
1374 3025 1416 3086 ut
1440 2997 1583 3082 tributi
1600 3002 1687 3079 exi*

448 3120 543 3205 litas
560 3117 772 3207 tribuentis
786 3117 1042 3203 veneratione
1060 3111 1289 3230 suppleatur
1312 3179 1322 3201 .
1353 3113 1558 3201 Faustitati
1588 3115 1684 3218 lulu-

451 3229 579 3318 strum
596 3289 614 3333 ,
638 3237 679 3317 δι
703 3229 888 3342 exemplo
905 3235 1153 3342 optimorum
1169 3238 1400 3344 Principum
1414 3255 1463 3340 te,
1471 3223 1686 3314 diutissime

452 3343 612 3460 sospitet
636 3349 748 3430 Deus
768 3352 959 3460 Optimus
979 3351 1206 3434 Μιικίιιιιιι.
1268 3447 1272 3458 v

463 3652 467 3663 .
508 3575 728 3670 Mediolani
742 3577 815 3664 IV.
836 3573 931 3666 Idus
948 3576 1171 3688 septembr.
1181 3571 1517 3666 MDCXClllll.
