3858 5048
493 455 542 552 ψ
739 433 1423 522 ANECDOTORUM'

445 569 570 628 nantes
581 540 773 623 Romanis.
789 543 901 618 Erant
912 565 954 616 er
965 541 1163 641 Gallis,qui
1174 541 1270 619 illico
1279 542 1440 618 Romam
1452 535 1696 622 modumcenss

443 649 577 722 serent.
607 641 732 717 Vicere
742 639 907 728 seniores,
924 636 1186 738 utlegatiprius
1197 640 1419 715 mitterentur
1428 635 1612 736 questum,
1629 661 1696 735 po-

444 745 705 837 stulatumque,
723 755 762 811 ut
778 759 845 832 pro
860 739 938 828 jure
953 733 1117 836 gentium
1130 735 1609 826 uiolaroFabijrlederentut.
1631 739 1696 813 Le·

446 840 521 942 goti
529 843 724 916 Gallorum
732 858 844 919 eum„
853 833 936 910 ficut
946 851 1075 922 erant,
1092 837 1266 909 mandata
1283 832 1507 930 exposuillenr
1521 834 1692 924 Senatui,

444 933 819 1030 necfaolumplacebar
829 930 1038 1018 Fabiorum,
1053 935 1092 1007 δι
1111 933 1167 1022 jus
1176 931 1352 1029 postulare
1368 929 1510 1006 barbari
1527 931 1692 1006 videban-

439 1057 520 1112 tur.
546 1036 612 1110 Sed
622 1036 669 1107 ad
683 1031 892 1108 cernendum
910 1027 997 1130 quid
1014 1028 1101 1118 juris
1120 1029 1252 1104 eratin
1271 1027 1355 1107 viris
1374 1044 1484 1104 tantae
1496 1027 1691 1106 nobilitatis
1725 1027 1736 1043 '

442 1133 604 1210 obstabat
624 1127 788 1206 ambitio.
813 1127 937 1226 itaque
956 1149 1001 1200 ne
1024 1127 1317 1220 penesSenatores
1329 1128 1435 1222 culpa
1450 1123 1547 1217 effer,
1567 1125 1691 1226 *siquid

443 1230 525 1306 inde
538 1226 709 1304 finissrum
723 1225 894 1300 accideret
903 1274 917 1312 ,
929 1222 1169 1324 cognitionem
1185 1225 1230 1298 de
1244 1222 1424 1322 postulatis
1433 1225 1625 1305 Gallorum
1643 1225 1691 1302 ao

445 1330 621 1428 populum
631 1327 853 1413 rejecerunt,
872 1321 933 1398 ubi
941 1341 1044 1399 tanto
1058 1325 1136 1430 plus
1145 1320 1261 1418 gratia
1270 1370 1284 1410 ‚
1303 1324 1342 1396 bt
1358 1341 1441 1416 opes
1455 1325 1603 1400 valuere
1618 1369 1630 1410 ‚
1648 1341 1692 1400 ut

439 1426 768 1526 .quorumdepoena
786 1419 980 1518 agebatur,
1000 1419 1151 1494 Tribuni
1162 1418 1315 1496 tutilinam
1324 1415 1512 1510 Consulari
1523 1419 1691 1518 potestate

444 1523 691 1622 insequentem
708 1539 845 1592 annum
859 1515 970 1593 creati
984 1516 1082 1596 sunt.
1105 1515 1407 1611 Qosaolobaud
1419 1510 1510 1590 serua
1522 1516 1691 1616 quamdi·

444 1643 562 1724 gnum
572 1638 649 1694 erat
665 1613 783 1692 infenfi
799 1615 894 1692 Galli
906 1615 1036 1702 bellum
1054 1619 1243 1713 propalam
1256 1612 1463 1691 nunciantes
1479 1618 1527 1692 ad
1543 1615 1619 1690 suos
1642 1635 1691 1688 re.

440 1723 555 1796 deunt
561 1766 575 1805 ‚
591 1713 714 1814 eosque
724 1713 841 1788 relatis
860 1712 1031 1790 incitant.
1055 1713 1161 1801 Tune
1174 1716 1361 1814 postquam
1376 1730 1440 1811 ace
1501 1735 1537 1787 re
1548 1711 1691 1788 ulterius

443 1811 953 1894 bonorecollatoviolatoribus
964 1809 1051 1900 juris
1063 1812 1214 1894 humani
1222 1808 1435 1910 legationem
1465 1831 1553 1886 uam
1569 1810 1691 1886 elisam

442 1914 522 2000 effe,
533 1913 577 1987 fla
606 1929 721 1986 rantes
730 1907 808 1998 ira,
824 1909 925 1998 cujus
945 1907 1129 2005 impatiens
1144 1907 1191 1986 est
1203 1907 1263 1985 illa
1276 1929 1360 2008 gens
1370 1956 1383 1994 ,
1395 1907 1574 1984 oonfeslinr
1586 1907 1692 2006 fignb

442 2033 561 2088 convu
615 2057 642 2092 κ,
661 2005 774 2082 citato
798 2005 940 2106 agmine
956 2004 1024 2084 iter
1039 2006 1328 2108 aggrediuntur,
1361 2003 1409 2076 ad
1430 2027 1585 2105 quorum
1604 2026 1695 2104 praee

445 2106 658 2184 tereuntium
669 2102 802 2200 raptim
810 2104 1006 2178 tumultum
1016 2102 1235 2204 comuniter
1248 2100 1365 2179 Urbes
1374 2103 1422 2176 ad
1432 2125 1534 2180 arma
1545 2126 1690 2182 concur·

443 2220 579 2381 aar&
596 2200 950 2378 sbragaqueagreilium
965 2201 1085 2295 fieret,
1105 2203 1265 2284 Romam
1283 2200 1314 2276 le
1327 2196 1375 2274 ire
1388 2221 1528 2302 magno
1535 2207 1691 2280 ehmote

468 2323 495 2406 g
576 2321 595 2379 a
648 2318 711 2401 nt,

927 2455 1087 2582 cnr.
1134 2499 1211 2602 nt
1313 2525 1316 2532 ·

324 2699 327 2706 '
443 2695 450 2752 :'
532 2693 585 2770 ,Τ
602 2687 725 2781 Fabii,
741 2688 780 2765 br
798 2687 862 2789 qui
880 2689 1030 2778 Tribuni
1050 2689 1204 2766 militurn
1226 2695 1342 2769 secum
1361 2693 1468 2771 creati
1483 2712 1608 2783 erant,
1630 2689 1694 2794 qui

575 2807 676 2867 erant
685 2807 833 2862 numero
844 2785 899 2862 ser
907 2785 1071 2877 ‚utfiter
1078 2783 1197 2884 pravis
1207 2786 1535 2878 initijs‚nulloutili
1549 2793 1694 2866 confilio

446 2880 1694 3083 alu”llll‘l‘llpll‘lllllllllllllllllllt‘

724 3033 737 3072 2

446 3009 839 3160 utnorierilrioustemere
853 3007 1029 3160 condutio
1045 3105 1171 3160 eorum
1180 3077 1427 3186 pugnatumfit
1437 3129 1450 3168 ,
1468 3101 1578 3178 quarn
1599 3031 1692 3158 sua:

449 3182 832 3281 legationoperallunt.
859 3179 1187 3258 Namellenuantes
1196 3189 1304 3260 etiam
1316 3179 1451 3254 famam
1461 3178 1554 3268 belli,
1565 3178 1691 3269 subito,

446 3299 492 3352 oe
515 3279 752 3354 tumultuario
776 3280 931 3359 exercitu
952 3279 992 3356 in
1008 3277 1193 3356 occursum
1210 3281 1363 3358 bolbum
1374 3277 1522 3351 tendunt
1540 3280 1589 3352 ad
1603 3277 1692 3354 deci.

443 3396 547 3452 mum
557 3374 868 3472 reniumlapidem
881 3399 1009 3474 parum
1021 3376 1116 3453 infra
1131 3378 1228 3454 viam
1245 3376 1474 3464 Tiberinum,
1500 3375 1561 3450 ubi
1580 3397 1689 3451 runa.

444 3471 714 3560 multitudinem
725 3471 877 3546 bostium
889 3493 1068 3546 cernerent
1079 3474 1161 3560 ,sua
1175 3474 1353 3572 paucitate
1362 3470 1690 3570 perculsuextenua·

445 3566 490 3647 eis
504 3567 542 3643 in
552 3587 686 3640 cornua
696 3567 1138 3661 copiis,necircumveniti
1148 3569 1374 3646 multitudine
1382 3569 1534 3644 hostium
1543 3570 1689 3666 possent,

445 3665 599 3744 frontem
612 3681 732 3738 tamen
739 3681 882 3772 aequare
889 3660 1164 3762 nequeuntibus,
1181 3687 1308 3744 contra
1326 3667 1477 3746 bostium
1487 3667 1578 3742 acies
1592 3665 1624 3744 se
1631 3691 1689 3742 ex·

445 3779 603 3861 ponunt⁴
629 3761 751 3836 Primo
761 3781 894 3860 impetu
912 3765 1165 3839 Romanorum
1190 3765 1280 3854 acies
1295 3765 1390 3854 fusa,
1408 3787 1563 3866 quorum
1577 3787 1690 3841 cunr..

351 3945 359 3970 ὁ
449 3858 537 3936 nillil
547 3861 646 3956 apud
661 3861 806 3947 Duces,
825 3883 890 3935 ner
903 3859 1029 3934 milites
1039 3857 1128 3934 soliti
1139 3864 1271 3938 ordinis
1279 3864 1391 3951 foret,
1403 3883 1515 3960 pavor
1526 3915 1539 3952 ,
1552 3865 1690 3964 &fuga

445 3958 586 4035 animos
595 3977 791 4054 occuparat
798 3976 1054 4046 3tantaeomm
1064 3957 1281 4048 obliviofuit,
1290 3981 1332 4036 ut
1343 3963 1460 4052 major
1466 3981 1549 4057 pars
1560 3963 1693 4036 Vehios

444 4055 599 4134 bostium
608 4051 768 4142 Urbem,
789 4077 872 4130 cum
884 4054 1189 4149 Tiberirarceret,
1208 4059 1294 4159 quin
1304 4059 1462 4133 Romam
1471 4063 1562 4132 recto
1570 4056 1693 4134 itinero

446 4153 752 4256 adtonitgemc,
758 4151 883 4232 liberor
894 4152 1291 4256 firgerent.·Qiautem
1302 4155 1409 4232 bostis
1420 4153 1692 4256 gladiumitto

493 4298 504 4318 e
603 4304 612 4324 .
961 4299 979 4322 e
1046 4312 1058 4324 .
1593 4275 1643 4356 go
